@inproceedings{kim2010taggingandlinking,
  author = {Kim, Su Nam and Wang, Li and Baldwin, Timothy},
  title = {Tagging and Linking Web Forum Posts},
  booktitle = {Proceedings of the Fourteenth Conference on Computational Natural Language Learning},
  series = {CoNLL '10},
  year = {2010},
  isbn = {978-1-932432-83-1},
  location = {Uppsala, Sweden},
  pages = {192--202},
  numpages = {11},
  url = {http://dl.acm.org/citation.cfm?id=1870568.1870591},
  acmid = {1870591},
  publisher = {Association for Computational Linguistics},
  address = {Stroudsburg, PA, USA},
}

@book{austin1975things,
  title={How to do things with words},
  author={Austin, John Langshaw},
  volume={1955},
  year={1975},
  publisher={Oxford university press}
}

@book{searle1976taxonomy,
  title={A taxonomy of illocutionary acts},
  author={Searle, John R},
  year={1976},
  publisher={Linguistic Agency University of Trier}
}

@article{traum200020,
  title={20 questions on dialogue act taxonomies},
  author={Traum, David R},
  journal={Journal of semantics},
  volume={17},
  number={1},
  pages={7--30},
  year={2000},
  publisher={Oxford Univ Press}
}

@MISC{Lampert_classifyingspeech,
    author = {Andrew Lampert and Robert Dale and CÃ©cile Paris},
    title = {Classifying Speech Acts using Verbal Response Modes},
    year = {2006}
}

@inproceedings{
  lampert2009segmenting,
  title={Segmenting email message text into zones},
  author={Andrew Lampert and Robert Dale and C{\'e}cile Paris},
  booktitle={Proceedings of the 2009 Conference on Empirical Methods in Natural Language Processing: Volume 2-Volume 2},
  pages={919--928},
  year={2009},
  organization={Association for Computational Linguistics}
}

@article{de2013classification,
  title={A classification scheme for annotating speech acts in a business email corpus},
  author={De Felice, Rachele and Darby, Jeannique and Fisher, Anthony and Peplow, David},
  journal={ICAME Journal},
  volume={37},
  pages={71--105},
  year={2013}
}

@InProceedings{JanAAAI08,
  author    = {J. Ulrich and G. Murray and G. Carenini},
  title     = { A Publicly Available Annotated Corpus for Supervised Email Summarization},
  booktitle = {AAAI08 EMAIL Workshop},
  year      = {2008},
  address   = {Chicago, USA},
  publisher = {AAAI},
}